<record><leader>00000cas a22000007a 4500</leader><controlfield tag="001">29981462</controlfield><controlfield tag="008">940317d18921946nyuwr ne      0    0eng d</controlfield><datafield ind1=" " ind2=" " tag="010"><subfield code="a">sn 94057731 </subfield></datafield><datafield ind1=" " ind2=" " tag="040"><subfield code="a">NYS</subfield><subfield code="b">eng</subfield><subfield code="c">NYS</subfield><subfield code="d">OCLCQ</subfield><subfield code="d">OCLCO</subfield></datafield><datafield ind1=" " ind2=" " tag="042"><subfield code="a">msc</subfield></datafield><datafield ind1=" " ind2=" " tag="043"><subfield code="a">n-us-ny</subfield></datafield><datafield ind1="0" ind2="4" tag="245"><subfield code="a">The Theresa gleaner.</subfield></datafield><datafield ind1=" " ind2=" " tag="260"><subfield code="a">Theresa, N.Y. :</subfield><subfield code="b">A.C. Strough</subfield></datafield><datafield ind1=" " ind2=" " tag="300"><subfield code="a">v.</subfield></datafield><datafield ind1=" " ind2=" " tag="310"><subfield code="a">Weekly</subfield></datafield><datafield ind1="1" ind2=" " tag="362"><subfield code="a">Began in 1892; ceased in 1946.</subfield></datafield><datafield ind1=" " ind2=" " tag="588"><subfield code="a">Description based on: Vol. 28, no. 51 (Nov. 14, 1919).</subfield></datafield><datafield ind1=" " ind2=" " tag="588"><subfield code="a">Latest issue consulted: Vol. 53, no. 23 (Mar. 3, 1944).</subfield></datafield><datafield ind1=" " ind2="0" tag="651"><subfield code="a">Theresa (N.Y.)</subfield><subfield code="v">Newspapers.</subfield></datafield><datafield ind1=" " ind2="0" tag="651"><subfield code="a">Jefferson County (N.Y.)</subfield><subfield code="v">Newspapers.</subfield></datafield><datafield ind1=" " ind2=" " tag="752"><subfield code="a">United States</subfield><subfield code="b">New York</subfield><subfield code="c">Jefferson</subfield><subfield code="d">Theresa.</subfield></datafield><datafield ind1="0" ind2="4" tag="785"><subfield code="t">Carthage Republican-tribune</subfield><subfield code="w">(DLC)sn 85054035</subfield><subfield code="w">(OCoLC)11616284</subfield></datafield></record>